@article{generateimagedescriptions,
    title={Deep Visual-Semantic Alignments for Generating Image Descriptions},
    author={Andrej Karpathy, Li Fei-Fei},
    journal={Deep Visual-Semantic Alignments for Generating Image Descriptions},
    year={2015},
    crossref={https://cs.stanford.edu/people/karpathy/cvpr2015.pdf}
}

@article{DBLP:journals/corr/abs-1809-07276,
  author    = {R{\'{e}}mi Delbouys and
               Romain Hennequin and
               Francesco Piccoli and
               Jimena Royo{-}Letelier and
               Manuel Moussallam},
  title     = {Music Mood Detection Based On Audio And Lyrics With Deep Neural Net},
  journal   = {CoRR},
  volume    = {abs/1809.07276},
  year      = {2018},
  url       = {http://arxiv.org/abs/1809.07276},
  archivePrefix = {arXiv},
  eprint    = {1809.07276},
  timestamp = {Fri, 05 Oct 2018 11:34:52 +0200},
  biburl    = {https://dblp.org/rec/bib/journals/corr/abs-1809-07276},
  bibsource = {dblp computer science bibliography, https://dblp.org}
}

@BOOK {jamesswarbrick2006,
    author    = "James Swarbrick",
    title     = "Encyclopedia of Pharmaceutical Technology",
    publisher = "Informa Healthcare",
    year      = "2006"
}

@INPROCEEDINGS{Bertin-mahieux11themillion,
    author = {Thierry Bertin-mahieux and Daniel P. W. Ellis and Brian Whitman and Paul Lamere},
    title = {The million song dataset},
    booktitle = {In Proceedings of the 12th International Conference on Music Information Retrieval (ISMIR},
    year = {2011}
}

@book{szeliski2010computer,
  title={Computer vision: algorithms and applications},
  author={Szeliski, Richard},
  year={2010},
  publisher={Springer Science \& Business Media}
}

@article{amritaparashar2017,
    author  = "Amrita Parashar",
    title   = "IMPORTANCE OF COMPUTER VISION FOR HUMAN LIFE",
    journal = "International Journal of Advanced Research",
    year    = "2017",
    month   = "March"
}

@article{cho2002ae,
  title={AE—Automation and Emerging Technologies: Weed--plant Discrimination by Machine Vision and Artificial Neural Network},
  author={Cho, SeI and Lee, DS and Jeong, JY},
  journal={Biosystems Engineering},
  volume={83},
  number={3},
  pages={275--280},
  year={2002},
  publisher={Elsevier}
}

@book{nilsson1998artificial,
  title={Artificial intelligence: a new synthesis},
  author={Nilsson, Nils J},
  year={1998},
  publisher={Elsevier}
}

@ARTICLE{5408784, 
author={S. A. Dudani}, 
journal={IEEE Transactions on Systems, Man, and Cybernetics}, 
title={The Distance-Weighted k-Nearest-Neighbor Rule}, 
year={1976}, 
volume={SMC-6}, 
number={4}, 
pages={325-327}, 
keywords={}, 
doi={10.1109/TSMC.1976.5408784}, 
ISSN={0018-9472}, 
month={April},}

@article{theodoridis2008pattern,
  title={Pattern recognition},
  author={Theodoridis, Sergios and Koutroumbas, Konstantinos and others},
  journal={IEEE Transactions on Neural Networks},
  volume={19},
  number={2},
  pages={376},
  year={2008},
  publisher={IEEE INSTITUTE OF ELECTRICAL AND ELECTRONICS}
}

@incollection{lent2004cem,
  title={Cem bilh{\~o}es de neur{\^o}nios: conceitos fundamentais de neuroci{\^e}ncia},
  author={Lent, Roberto},
  booktitle={Cem bilh{\~o}es de neur{\^o}nios: conceitos fundamentais de neuroci{\^e}ncia},
  year={2004}
}

@BOOK {ruano2003,
    author    = "António Eduardo de Barros Ruano",
    title     = "Artificial Neural Networks",
    publisher = "Centre for Intelligent Systems of University of Algarve",
    year      = "2003",
    address   = "University of Algarve, Faro, Portugal"
}

@book{PNAD2018,
  title={ Acesso à Internet e à televisão e
posse de telefone móvel celular para uso pessoal 2016},
  author={IBGE},
  year={2016},
  publisher={IBGE},
  url  = {https://biblioteca.ibge.gov.br/visualizacao/livros/liv101543.pdf}
}

@book{bruno1997deficiencia,
  title={Defici{\^e}ncia visual: reflex{\~a}o sobre a pr{\'a}tica pedag{\'o}gica},
  author={Bruno, Marilda Moraes Garcia and Oka, Cec{\'\i}lia Maria},
  year={1997},
  publisher={Laramara}
}

@article{robinsonantoniopitelli1987,
    author  = "Robinson Antonio Pitelli",
    title   = "Competição e controle das plantas daninhas em áreas agrícolas",
    journal = "Série Técnica IPEF, UNESP/CAMPUS JABOTICABAL",
    year    = "1987",
    volume  = "4",
    number  = "12"
}

@BOOK {m.j.aitkenhead2003,
    author    = "M.J. Aitkenhead",
    title     = "Computers and Electronics in Agriculture",
    publisher = "Elsevier",
    year      = "2003",
    volume    = "39",
    note      = "Weed and crop discrimination using image analysis and artificial intelligence methods, Pages 157-171"
}

@BOOK {salmankhanhosseinrahmanisyedafaqalishah2018,
    author    = "Salman Khan and Hossein Rahmani and Syed Afaq Ali Shah",
    title     = "A Guide to Convolutional Neural Networks for Computer Vision",
    publisher = "Morgan \& Claypool Publishers",
    year      = "2018"
}

@ONLINE {leife.peterson2009,
    author = "Leif E. Peterson",
    title  = "Scholarpedia: K-nearest neighbor",
    year   = "2009",
    url    = "doi:10.4249/scholarpedia.1883"
}

@ONLINE {ianheap2018,
    author = "Ian Heap",
    title  = "The  International Survey of Herbicide Resistant Weeds",
    month  = "nov",
    year   = "2018",
    url    = "www.weedscience.com"
}

@BOOK {johna.marchant1996,
    author    = "John A. Marchant",
    title     = "Computers and Electronics in Agriculture",
    publisher = "Elsevier",
    year      = "1996",
    volume    = "15",
    month     = "jul"
}

@ONLINE {seedlingsdatasetwebsite2014,
    author = "Mads Dyrmann and Peter Christiansen",
    title  = "Plant Seedlings Dataset",
    year   = "2014",
    url    = "https://vision.eng.au.dk/plant-seedlings-dataset/"
}

@ARTICLE {seedlingsdataset2017,
    author  = "Thomas Mosgaard Giselsson, Rasmus Nyholm Jørgensen, Peter Kryger Jensen, Mads Dyrmann, Henrik Skov Midtiby",
    title   = "A Public Image Database for Benchmark of Plant Seedling Classification Algorithms",
    journal = "Cornell University Library",
    year    = "2017"
}

%%MER

@article{juslin2004expression,
  title={Expression, perception, and induction of musical emotions: A review and a questionnaire study of everyday listening},
  author={Juslin, Patrik N and Laukka, Petri},
  journal={Journal of new music research},
  volume={33},
  number={3},
  pages={217--238},
  year={2004},
  publisher={Taylor \& Francis}
}

@article{doi:10.1177/10298649020050S101,
author = {Patrik N. Juslin and Marcel R. Zentner},
title ={Current trends in the study of music and emotion: Overture},
journal = {Musicae Scientiae},
volume = {5},
number = {1\_suppl},
pages = {3-21},
year = {2001},
doi = {10.1177/10298649020050S101},

URL = { 
        https://doi.org/10.1177/10298649020050S101
    
},
eprint = { 
        https://doi.org/10.1177/10298649020050S101
    
}
,
    abstract = { The study of musical emotion is currently witnessing a renaissance. However, the literature on music and emotion still presents a confusing picture. The conceptual terrain is still being mapped, and considerable refinement is still needed in how we study music and emotion. With all the research currently devoted to this subject, it is all the more important that we have a good grasp of the current state of the art, so that we do not invent the wheel twice. With this aim in mind, the present authors organized a symposium at the Sixth International Conference on Music Perception and Cognition in Keele, UK, August, 2000. The intention was to bring together several researchers who have made theoretical and empirical contributions to the field in order to display “Current trends in the study of music and emotion”. This special issue presents extended and revised papers from that symposium, including a number of additional contributions. In this paper, we provide an introduction. We discuss the historical background, highlight the primary issues as they relate to the contents of the others contributions, and finally consider the gap that exists between art and science. }
}

@phdthesis{malheiro2017emotion,
  title={Emotion-based Analysis and Classification of Music Lyrics},
  author={Malheiro, Ricardo Manuel da Silva},
  year={2017},
  school={Universidade de Coimbra}
}

@article{uriarte2004musica,
  title={M{\'u}sica e escola: um di{\'a}logo com a diversidade},
  author={Uriarte, M{\^o}nica Zewe},
  journal={Educar em Revista},
  volume={20},
  number={24},
  pages={245--258},
  year={2004}
}

@article{mithen2006singing,
  title={The Singing Neanderthals: the Origins of Music, Language, Mind and Body, by Steven Mithen. London: Weidenfeld \& Nicholson, 2005. ISBN 0-297-64317-7 hardback{\pounds} 20 \& US $25.2; ix+ 374 pp.},
  author={Mithen, Steven and Morley, Iain and Wray, Alison and Tallerman, Maggie and Gamble, Clive},
  journal={Cambridge Archaeological Journal},
  volume={16},
  number={1},
  pages={97--112},
  year={2006},
  publisher={Cambridge University Press}
}

@book{pinker2003language,
  title={The language instinct: How the mind creates language},
  author={Pinker, Steven},
  year={2003},
  publisher={Penguin UK}
}

@article{roederer1984search,
  title={The search for a survival value of music},
  author={Roederer, Juan G},
  journal={Music Perception: An Interdisciplinary Journal},
  volume={1},
  number={3},
  pages={350--356},
  year={1984},
  publisher={University of California Press Journals}
}

@article{seashore1937psychology,
  title={The psychology of music},
  author={Seashore, Carl E},
  journal={Music Educators Journal},
  volume={23},
  number={4},
  pages={30--33},
  year={1937},
  publisher={SAGE Publications Sage CA: Los Angeles, CA}
}

@book{juslin2001music,
  title={Music and emotion: Theory and research.},
  author={Juslin, Patrik N and Sloboda, John A},
  year={2001},
  publisher={Oxford University Press}
}

@article{cross2009evolution,
  title={The evolution of music: Theories, definitions and the nature of the evidence},
  author={Cross, Ian and Morley, Iain},
  journal={Communicative musicality: Exploring the basis of human companionship},
  pages={61--81},
  year={2009}
}

@book{sykes1982concise,
  title={The concise Oxford dictionary of current English. Based on the Oxford English dictionary and its supplements},
  author={Sykes, John Bradbury},
  volume={423},
  number={C744 1982},
  year={1982},
  publisher={Oxford University Press}
}

@article{yang2012machine,
  title={Machine recognition of music emotion: A review},
  author={Yang, Yi-Hsuan and Chen, Homer H},
  journal={ACM Transactions on Intelligent Systems and Technology (TIST)},
  volume={3},
  number={3},
  pages={40},
  year={2012},
  publisher={ACM}
}

@article{gabrielsson2001emotion,
  title={Emotion perceived and emotion felt: Same or different?},
  author={Gabrielsson, Alf},
  journal={Musicae scientiae},
  volume={5},
  number={1\_suppl},
  pages={123--147},
  year={2001},
  publisher={SAGE Publications Sage UK: London, England}
}

@inproceedings{pratt1952music,
  title={Music as the language of emotion.},
  author={Pratt, Carroll C},
  year={1952},
  organization={The Library of Congress}
}

@article{davies2010emotions,
  title={Emotions expressed and aroused by music: Philosophical perspectives.},
  author={Davies, Stephen},
  year={2010},
  publisher={Oxford University Press}
}

@inproceedings{yang2008toward,
  title={Toward multi-modal music emotion classification},
  author={Yang, Yi-Hsuan and Lin, Yu-Ching and Cheng, Heng-Tze and Liao, I-Bin and Ho, Yeh-Chin and Chen, Homer H},
  booktitle={Pacific-Rim Conference on Multimedia},
  pages={70--79},
  year={2008},
  organization={Springer}
}

@inproceedings{kim2010music,
  title={Music emotion recognition: A state of the art review},
  author={Kim, Youngmoo E and Schmidt, Erik M and Migneco, Raymond and Morton, Brandon G and Richardson, Patrick and Scott, Jeffrey and Speck, Jacquelin A and Turnbull, Douglas},
  booktitle={Proc. ISMIR},
  volume={86},
  pages={937--952},
  year={2010},
  organization={Citeseer}
}

@article{ekman1992argument,
  title={An argument for basic emotions},
  author={Ekman, Paul},
  journal={Cognition \& emotion},
  volume={6},
  number={3-4},
  pages={169--200},
  year={1992},
  publisher={Taylor \& Francis}
}

@article{picard2001toward,
  title={Toward machine emotional intelligence: Analysis of affective physiological state},
  author={Picard, Rosalind W. and Vyzas, Elias and Healey, Jennifer},
  journal={IEEE Transactions on Pattern Analysis \& Machine Intelligence},
  number={10},
  pages={1175--1191},
  year={2001},
  publisher={Ieee}
}

@article{hevner1935expression,
  title={Expression in music: a discussion of experimental studies and theories.},
  author={Hevner, Kate},
  journal={Psychological review},
  volume={42},
  number={2},
  pages={186},
  year={1935},
  publisher={Psychological Review Company}
}

@article{farnsworth1954study,
  title={A study of the hevner adjective list.},
  author={Farnsworth, Paul R},
  journal={Journal of Aesthetics \& Art Criticism},
  year={1954},
  publisher={Wayne State University}
}

@article{schubert2003update,
  title={Update of the Hevner adjective checklist},
  author={Schubert, Emery},
  journal={Perceptual and motor skills},
  volume={96},
  number={3\_suppl},
  pages={1117--1122},
  year={2003},
  publisher={SAGE Publications Sage CA: Los Angeles, CA}
}

@article{russell1980circumplex,
  title={A circumplex model of affect.},
  author={Russell, James A},
  journal={Journal of personality and social psychology},
  volume={39},
  number={6},
  pages={1161},
  year={1980},
  publisher={American Psychological Association}
}

@book{osgood1957measurement,
  title={The measurement of meaning},
  author={Osgood, Charles Egerton and Suci, George J and Tannenbaum, Percy H},
  number={47},
  year={1957},
  publisher={University of Illinois press}
}

@article{plutchik1980emotion,
  title={Emotion},
  author={Plutchik, Robert},
  journal={A psychoevolutionary synthesis},
  year={1980},
  publisher={Harper \& Row}
}

@article{ross1938statistic,
  title={A statistic for circular series.},
  author={Ross, ROBERT T},
  journal={Journal of Educational Psychology},
  volume={29},
  number={5},
  pages={384},
  year={1938},
  publisher={Warwick \& York}
}

@book{lazarus1991emotion,
  title={Emotion and adaptation},
  author={Lazarus, Richard S and Lazarus, Richard S},
  year={1991},
  publisher={Oxford University Press on Demand}
}

@article{bigand2005multidimensional,
  title={Multidimensional scaling of emotional responses to music: The effect of musical expertise and of the duration of the excerpts},
  author={Bigand, Emmanuel and Vieillard, Sandrine and Madurell, Fran{\c{c}}ois and Marozeau, Jeremy and Dacquet, A},
  journal={Cognition \& Emotion},
  volume={19},
  number={8},
  pages={1113--1139},
  year={2005},
  publisher={Taylor \& Francis}
}

@article{ramosjuan2003,
author = {Ramos, Juan},
year = {2003},
month = {01},
pages = {},
title = {Using TF-IDF to determine word relevance in document queries}
}

@book{alpaydin2009introduction,
  title={Introduction to machine learning},
  author={Alpaydin, Ethem},
  year={2009},
  publisher={MIT press}
}

@article{huron2000perceptual,
  title={Perceptual and cognitive applications in music information retrieval},
  author={Huron, David},
  journal={Perception},
  volume={10},
  number={1},
  pages={83--92},
  year={2000}
}

@book{russell2016artificial,
  title={Artificial intelligence: a modern approach},
  author={Russell, Stuart J and Norvig, Peter},
  year={2016},
  publisher={Malaysia; Pearson Education Limited,}
}

@article{huq2010automated,
  title={Automated music emotion recognition: A systematic evaluation},
  author={Huq, Arefin and Bello, Juan Pablo and Rowe, Robert},
  journal={Journal of New Music Research},
  volume={39},
  number={3},
  pages={227--244},
  year={2010},
  publisher={Taylor \& Francis}
}

@article{kim2008emotion,
  title={Emotion recognition based on physiological changes in music listening},
  author={Kim, Jonghwa and Andr{\'e}, Elisabeth},
  journal={IEEE transactions on pattern analysis and machine intelligence},
  volume={30},
  number={12},
  pages={2067--2083},
  year={2008},
  publisher={IEEE}
}

@article{anderson2006real,
  title={A real-time automated system for the recognition of human facial expressions},
  author={Anderson, Keith and McOwan, Peter W},
  journal={IEEE Transactions Systems, Man, and Cybernetics, Part B (Cybernetics)},
  volume={36},
  number={1},
  pages={96--105},
  year={2006},
  publisher={IEEE}
}

@misc{spotifyapi,
 title   ={Get Audio Features for a Track},
 url     ={https://developer.spotify.com/documentation/web-api/reference/tracks/get-audio-features/},
 year={2019},
 organization={Spotify},
 urlaccessdate={02 jun. 2019}
}

@incollection{wieczorkowska2006multi,
  title={Multi-label classification of emotions in music},
  author={Wieczorkowska, Alicja and Synak, Piotr and Ra{\'s}, Zbigniew W},
  booktitle={Intelligent Information Processing and Web Mining},
  pages={307--315},
  year={2006},
  publisher={Springer}
}

@inproceedings{wu2006automatic,
  title={Automatic emotion classification of musical segments},
  author={Wu, Tien-Lin and Jeng, Shyh-Kang},
  booktitle={Proceedings of the 9th International Conference on Music Perception \& Cognition, Bologna},
  year={2006}
}

@inproceedings{Pao2008,
  doi = {10.1109/icicic.2008.679},
  url = {https://doi.org/10.1109/icicic.2008.679},
  year = {2008},
  publisher = {{IEEE}},
  author = {Tsang-Long Pao and Yun-Maw Cheng and Jun-Heng Yeh and Yu-Te Chen and Chen-Yu Pai and Yao-Wei Tsai},
  title = {Comparison between Weighted D-{KNN} and Other Classifiers for Music Emotion Recognition},
  booktitle = {2008 3rd International Conference on Innovative Computing Information and Control}
}

@article{sloboda2001daily,
author = {Sloboda, John and O'Neill, Susan},
year = {2001},
month = {01},
pages = {},
title = {"Emotions in everyday listening to music},
journal = {in Music and Emotion: Theory and Research, eds P. N. Juslin and J. A. Sloboda}
}

@book{plato1988republic,
  title={Republic 10},
  author={Plato and Halliwell, Stephen and Plato and Halliwell, Stephen},
  year={1988},
  publisher={Aris \& Phillips Warminster, UK}
}

@article{schererk.zentnerm.2001,
    author    = "Scherer, K. R., \& Zentner, M. R.",
    title     = "Emotional effects of music: Production rules",
    publisher = "Oxford University Press",
    year      = "2001"
}

@article{koelsch2014brain,
  title={Brain correlates of music-evoked emotions},
  author={Koelsch, Stefan},
  journal={Nature Reviews Neuroscience},
  volume={15},
  number={3},
  pages={170--180},
  year={2014},
  publisher={Nature Publishing Group}
}